<record><leader>00000cas a22000007a 4500</leader><controlfield tag="001">14584022</controlfield><controlfield tag="008">861031d19041909paudn ne      0    0eng d</controlfield><datafield ind1=" " ind2=" " tag="010"><subfield code="a">sn 86081944 </subfield></datafield><datafield ind1=" " ind2=" " tag="040"><subfield code="a">NPH</subfield><subfield code="b">eng</subfield><subfield code="c">NPH</subfield><subfield code="d">OCLCQ</subfield></datafield><datafield ind1=" " ind2=" " tag="042"><subfield code="a">msc</subfield></datafield><datafield ind1="0" ind2="4" tag="245"><subfield code="a">The Wilkes-Barre news.</subfield></datafield><datafield ind1="1" ind2="7" tag="246"><subfield code="a">Wilkes-Barre daily news</subfield></datafield><datafield ind1=" " ind2=" " tag="260"><subfield code="a">Wilkes-Barre, Pa. :</subfield><subfield code="b">H.R. Whitcraft,</subfield><subfield code="c">1904-1909.</subfield></datafield><datafield ind1=" " ind2=" " tag="300"><subfield code="a">5 v. :</subfield><subfield code="b">ill.</subfield></datafield><datafield ind1=" " ind2=" " tag="310"><subfield code="a">Daily,</subfield><subfield code="b">July 25, 1904-</subfield></datafield><datafield ind1=" " ind2=" " tag="321"><subfield code="a">Daily (except Sunday),</subfield><subfield code="b">May 6-July 24, 1904</subfield></datafield><datafield ind1="0" ind2=" " tag="362"><subfield code="a">May 6, 1904-Aug. 28, 1909.</subfield></datafield><datafield ind1=" " ind2=" " tag="515"><subfield code="a">Issues for May 6, 1904- called also v. 25, no. 345- ; issues for -Aug. 28, 1909 called also -32nd yr.</subfield></datafield><datafield ind1=" " ind2=" " tag="580"><subfield code="a">Also issued in Sunday edition called: Sunday news, May 6-July 24, 1904; and: Wilkes-Barre news (Sunday ed.), July 31, 1904-</subfield></datafield><datafield ind1=" " ind2=" " tag="752"><subfield code="a">United States</subfield><subfield code="b">Pennsylvania</subfield><subfield code="c">Luzerne</subfield><subfield code="d">Wilkes-Barre.</subfield></datafield><datafield ind1="1" ind2=" " tag="775"><subfield code="t">Sunday news (Wilkes-Barre, Pa.)</subfield><subfield code="w">(DLC)sn 86081946</subfield></datafield><datafield ind1="0" ind2="0" tag="780"><subfield code="t">Wilkes-Barre daily news</subfield><subfield code="w">(DLC)sn 85054421</subfield></datafield><datafield ind1="0" ind2="5" tag="780"><subfield code="t">Sunday news (Wilkes-Barre, Pa.)</subfield><subfield code="w">(DLC)sn 86081946</subfield></datafield><datafield ind1="0" ind2="0" tag="785"><subfield code="t">Evening news (Wilkes-Barre, Pa.)</subfield><subfield code="w">(DLC)sn 86083344</subfield></datafield></record>